@article{Kupcsik_AI_conditionallyaccepted,
  author =     "Kupcsik, A.G. and  Deisenroth, M.P. and  Peters, J. and  Ai Poh, L. and  Vadakkepat, V. and  Neumann, G.",
  year =     "conditionally accepted",
  title =    "Model-based Contextual Policy Search for Data-Efficient Generalization of Robot Skills",
  booktitle =    "Artificial Intelligence",
  key =      "complacs",
  crossref =     "p10684"
}

@article{Muelling_BC_accepted,
  author =     "Muelling, K. and  Boularias, A. and  Mohler, B. and  Schoelkopf, B. and  Peters, J.",
  year =     "accepted",
  title =    "Learning Strategies in Table Tennis using Inverse Reinforcement Learning",
  booktitle =    "Biological Cybernetics",
  key =      "complacs",
  crossref =     "p10683"
}

@article{dann14a,
  author =     "Dann, C. and  Neumann, G. and  Peters, J.",
  year =     "2014",
  title =    "Policy Evaluation with Temporal Differences: A Survey and Comparison",
  booktitle =    "Journal of Machine Learning Research",
  key =      "complacs",
  URL =      "http://jmlr.org/papers/volume15/dann14a/dann14a.pdf",
  number =     "March",
  pages =    "809-883",
  crossref =     "p10643"
}

@article{Meyer_JNER_2013,
  author =     "Meyer, T. and   Peters, J. and  Zander, T.O. and  Schoelkopf, B. and  Grosse-Wentrup, M.",
  year =     "2014",
  title =    "Predicting Motor Learning Performance from Electroencephalographic Data",
  booktitle =    "Journal of Neuroengineering and Rehabilitation",
  URL =      "http://www.ias.tu-darmstadt.de/uploads/Publications/Meyer_JNER_2013.pdf",
  number =     "1",
  crossref =     "p10649"
}

@article{Bocsi_AR_2014,
  author =     "Bocsi, B. and  Csato, L. and  Peters, J. ",
  year =     "2014",
  title =    "Indirect Robot Model Learning for Tracking Control",
  booktitle =    "Advanced Robotics",
  URL =      "http://www.ias.tu-darmstadt.de/uploads/Publications/Bocsi_AR_2014.pdf",
  crossref =     "p10652"
}

@article{BenAmor_AR_2014,
  author =       "Ben Amor, H. and  Saxena, A. and  Hudson, N. and  Peters, J.",
  year =         "2014",
  title =        "Special issue on autonomous grasping and manipulation",
  booktitle =    "Autonomous Robots",
  crossref =     "p10655"
}